%each entry in a .bib file corresponds to a reference.
%Rather than add a reference manually - which is very easy to get wrong - it is much better to use a service that can generate the reference for you. You can do it with Google, or Mendeley, or Zotero.
@article{gu-2021,
  title         = {Major Trends in Population Growth Around the World},
  author        = {D. Gu and K. Andreev and M. E. Dupre},
  journal       = {China CDC Weekly},
  volume        = {3},
  number        = {28},
  pages         = {604--613},
  year          = {2021},
  month         = {07},
  doi           = {10.46234/ccdcw2021.160}
}
